<record><leader>00000cas a22000007a 4500</leader><controlfield tag="001">11961798</controlfield><controlfield tag="008">850425d1905190ualuwr ne      0    0eng d</controlfield><datafield ind1=" " ind2=" " tag="010"><subfield code="a">sn 85044698 </subfield></datafield><datafield ind1=" " ind2=" " tag="040"><subfield code="a">AAA</subfield><subfield code="b">eng</subfield><subfield code="c">AAA</subfield><subfield code="d">CPN</subfield><subfield code="d">OCLCQ</subfield></datafield><datafield ind1=" " ind2=" " tag="042"><subfield code="a">msc</subfield></datafield><datafield ind1="0" ind2="4" tag="082"><subfield code="a">362.6</subfield></datafield><datafield ind1="0" ind2="0" tag="245"><subfield code="a">St. Clair herald and Coosa valleyan.</subfield></datafield><datafield ind1="3" ind2="0" tag="246"><subfield code="a">Saint Clair herald and Coosa valleyan</subfield></datafield><datafield ind1="1" ind2="7" tag="246"><subfield code="a">St. Clair herald</subfield></datafield><datafield ind1=" " ind2=" " tag="260"><subfield code="a">Pell City, Ala. :</subfield><subfield code="b">Pell City Pub. Co.</subfield></datafield><datafield ind1=" " ind2=" " tag="300"><subfield code="a">v. :</subfield><subfield code="b">ill.</subfield></datafield><datafield ind1=" " ind2=" " tag="310"><subfield code="a">Weekly</subfield></datafield><datafield ind1="1" ind2=" " tag="362"><subfield code="a">Began in 1905.</subfield></datafield><datafield ind1=" " ind2=" " tag="500"><subfield code="a">"Published in the interest of its owners, but will do all in its power to promote the development of the resources of Coosa Valley and St. Clair county."</subfield></datafield><datafield ind1=" " ind2=" " tag="588"><subfield code="a">Description based on: Vol. 4, no. 28 (July 13, 1905).</subfield></datafield><datafield ind1=" " ind2=" " tag="752"><subfield code="a">United States</subfield><subfield code="b">Alabama</subfield><subfield code="c">Saint Clair</subfield><subfield code="d">Pell City.</subfield></datafield><datafield ind1="0" ind2="0" tag="780"><subfield code="t">Coosa valleyan</subfield><subfield code="w">(DLC)sn 85044593</subfield></datafield></record>